<collection xmlns="http://www.loc.gov/MARC21/slim">
<record>
  <leader>00395na 0a22001331i 450 </leader>
  <controlfield tag="001">IT\ICCU\CNCE\042217</controlfield>
  <controlfield tag="005">20111212000000.0</controlfield>
  <datafield tag="100" ind1=" " ind2=" ">
    <subfield code="a">19981210             0itac0103    ba</subfield>
  </datafield>
  <datafield tag="101" ind1=" " ind2=" ">
    <subfield code="a">SPA</subfield>
  </datafield>
  <datafield tag="200" ind1="1" ind2=" ">
    <subfield code="a">Lepolemo</subfield>
  </datafield>
  <datafield tag="517" ind1="1" ind2=" ">
    <subfield code="3">IT\ICCU\CNCE\049044</subfield>
    <subfield code="a">Caballero de la Cruz</subfield>
  </datafield>
  <datafield tag="517" ind1="1" ind2=" ">
    <subfield code="3">IT\ICCU\CNCE\049046</subfield>
    <subfield code="a">Cavallero de la Cruz</subfield>
  </datafield>
  <datafield tag="517" ind1="1" ind2=" ">
    <subfield code="3">IT\ICCU\CNCE\049115</subfield>
    <subfield code="a">Cavaliere della Croce</subfield>
  </datafield>
  <datafield tag="801" ind1=" " ind2="3">
    <subfield code="a">IT</subfield>
    <subfield code="b">ICCU</subfield>
    <subfield code="c">20201114</subfield>
  </datafield>
</record>
</collection>
